@inproceedings{rossler2019faceforensics,
  title={FaceForensics++: Learning to Detect Manipulated Facial Images},
  author={R{\"o}ssler, Andreas and Cozzolino, Davide and Verdoliva, Luisa and Riess, Christian and Thies, Justus and Nie{\ss}ner, Matthias},
  booktitle={Proceedings of the IEEE/CVF International Conference on Computer Vision},
  pages={1--11},
  year={2019}
}

@inproceedings{li2020celeb,
  title={The Eyes Tell All: Regularized Diverse Attention Network for Deepfake Detection},
  author={Li, Yuezun and Yang, Xin and Sun, Pu and Qi, Honggang and Lyu, Siwei},
  booktitle={Proceedings of the IEEE/CVF Conference on Computer Vision and Pattern Recognition},
  pages={5943--5952},
  year={2020}
}

@inproceedings{wang2020face,
  title={FaceX-ray for More General Face Forgery Detection},
  author={Wang, Hanqing and Wang, Zhenyu and Zhou, Wenbo and Li, Houqiang},
  booktitle={Proceedings of the IEEE/CVF Conference on Computer Vision and Pattern Recognition},
  pages={5001--5010},
  year={2020}
}

@inproceedings{cao2022end,
  title={End-to-End Reconstruction-Classification Learning for Face Forgery Detection},
  author={Cao, Junyi and Ma, Chao and Yao, Taiping and Chen, Shen and Ding, Shouhong and Yang, Xiaokang},
  booktitle={Proceedings of the IEEE/CVF Conference on Computer Vision and Pattern Recognition},
  pages={4113--4122},
  year={2022}
}

@inproceedings{chollet2017xception,
  title={Xception: Deep Learning with Depthwise Separable Convolutions},
  author={Chollet, Fran{\c{c}}ois},
  booktitle={Proceedings of the IEEE Conference on Computer Vision and Pattern Recognition},
  pages={1251--1258},
  year={2017}
}

@inproceedings{qian2020thinking,
  title={Thinking in Frequency: Face Forgery Detection with Global Frequency Features},
  author={Qian, Yuyang and Yin, Guojun and Sheng, Lu and Chen, Zixuan and Shao, Jing},
  booktitle={Proceedings of the IEEE/CVF Conference on Computer Vision and Pattern Recognition},
  pages={4085--4094},
  year={2020}
}

@inproceedings{frank2020leveraging,
  title={Leveraging Frequency Analysis for Deep Fake Image Recognition},
  author={Frank, Joel and Eisenhofer, Thorsten and Sch{\"o}nhals, Lea and Fischer, Asja and Kolter, David and Holz, Thorsten},
  booktitle={International Conference on Machine Learning},
  pages={3247--3258},
  year={2020}
}

@inproceedings{durall2020watch,
  title={Watch Your Up-Convolution: CNN Based Generative Deep Neural Networks Are Failing to Reproduce Spectral Distributions},
  author={Durall, Ricard and Chatzimichailidis, Margret and Labus, Pawel and Keuper, Janis},
  booktitle={Proceedings of the IEEE/CVF Conference on Computer Vision and Pattern Recognition},
  pages={7890--7899},
  year={2020}
}

@article{dolhansky2020deepfake,
  title={The DeepFake Detection Challenge (DFDC) Dataset and Baseline Evaluations},
  author={Dolhansky, Brian and Bitton, Joanna and Pflaum, Ben and Lu, Jikuo and Howes, Russ and Wang, Mengzhe and Ferrer, Cristian Canton},
  journal={arXiv preprint arXiv:2006.07397},
  year={2020}
}

@inproceedings{nguyen2019capsule,
  title={Capsule-Forensics: Using Capsule Networks to Detect Forged Images and Videos},
  author={Nguyen, Huy H and Yamagishi, Junichi and Echizen, Isao},
  booktitle={Proceedings of the IEEE International Conference on Acoustics, Speech and Signal Processing},
  pages={2307--2311},
  year={2019}
}

@inproceedings{li2018exposing,
  title={Exposing Deep Fakes Using Inconsistent Head Poses},
  author={Li, Yuezun and Chang, Ming-Ching and Lyu, Siwei},
  booktitle={Proceedings of the IEEE International Conference on Acoustics, Speech and Signal Processing},
  pages={8261--8265},
  year={2018}
}

@inproceedings{guera2018deepfakes,
  title={Deepfakes: A New Threat to Face Recognition? Assessment and Detection},
  author={G{\"u}era, David and Delp, Edward J},
  booktitle={arXiv preprint arXiv:1812.08685},
  year={2018}
}

@inproceedings{liu2021spatial,
  title={Spatial-Phase Shallow Learning: Rethinking Face Forgery Detection in Frequency Domain},
  author={Liu, Honggu and Li, Xiaodan and Zhou, Wenbo and Chen, Yuefeng and He, Yuan and Xue, Hui and Zhang, Weiming and Yu, Nenghai},
  booktitle={Proceedings of the IEEE/CVF Conference on Computer Vision and Pattern Recognition},
  pages={772--781},
  year={2021}
}

@inproceedings{zhao2021learning,
  title={Learning Disentangled Representation for Face Anti-Spoofing},
  author={Zhao, Ke and Zhang, Jia and Ma, Chao and Xu, Jingjing and Zhang, Zhiwei},
  booktitle={Proceedings of the AAAI Conference on Artificial Intelligence},
  pages={3101--3109},
  year={2021}
}

@inproceedings{chandrasegaran2021closer,
  title={A Closer Look at Fourier Spectrum Discrepancies for CNN-Generated Images Detection},
  author={Chandrasegaran, Keshigeyan and Tran, Ngoc-Trung and Cheung, Ngai-Man},
  booktitle={Proceedings of the IEEE/CVF Conference on Computer Vision and Pattern Recognition},
  pages={7618--7628},
  year={2021}
}

@inproceedings{chen2022dual,
  title={Dual Contrastive Learning for General Face Forgery Detection},
  author={Chen, Ke and Dang, Taiping and Ma, Zhiyuan and Yao, Ying and Ding, Shouhong},
  booktitle={Proceedings of the AAAI Conference on Artificial Intelligence},
  pages={81--89},
  year={2022}
}

@inproceedings{shiohara2022detecting,
  title={Detecting Face Synthesis Using Convolutional Neural Networks and Image Quality Assessment},
  author={Shiohara, Kazuya and Yamasaki, Toshihiko},
  booktitle={arXiv preprint arXiv:1807.11915},
  year={2018}
}

@inproceedings{zhou2017two,
  title={Two-Stream Convolutional Networks for Action Recognition in Videos},
  author={Simonyan, Karen and Zisserman, Andrew},
  booktitle={Advances in Neural Information Processing Systems},
  pages={568--576},
  year={2014}
}

@inproceedings{haliassos2021lips,
  title={LIPS: Lipreading with a Deeper Understanding},
  author={Haliassos, Alexandros and Mira, Rodrigo and Petridis, Stavros and Pantic, Maja},
  booktitle={Proceedings of the IEEE/CVF Conference on Computer Vision and Pattern Recognition},
  pages={13826--13835},
  year={2021}
}

@inproceedings{zheng2021exploring,
  title={Exploring Temporal Coherence for More General Video Face Forgery Detection},
  author={Zheng, Yinglin and Bao, Jianmin and Chen, Dong and Zeng, Ming and Wen, Fang},
  booktitle={Proceedings of the IEEE/CVF International Conference on Computer Vision},
  pages={15044--15054},
  year={2021}
}